<record><leader>00000cas a2200000 a 4500</leader><controlfield tag="001">34980434</controlfield><controlfield tag="008">960624d18901961miuwr ne      0    0eng c</controlfield><datafield ind1=" " ind2=" " tag="010"><subfield code="a">sn 96076737 </subfield></datafield><datafield ind1=" " ind2=" " tag="040"><subfield code="a">MHN</subfield><subfield code="b">eng</subfield><subfield code="c">MHN</subfield><subfield code="d">OCL</subfield><subfield code="d">OCLCQ</subfield><subfield code="d">OCLCF</subfield><subfield code="d">OCLCO</subfield></datafield><datafield ind1="1" ind2=" " tag="029"><subfield code="a">AU@</subfield><subfield code="b">000012570501</subfield></datafield><datafield ind1=" " ind2=" " tag="042"><subfield code="a">pcc</subfield></datafield><datafield ind1=" " ind2=" " tag="043"><subfield code="a">n-us-mi</subfield></datafield><datafield ind1="0" ind2=" " tag="130"><subfield code="a">Centreville observer (Centreville, Mich.)</subfield></datafield><datafield ind1="1" ind2="4" tag="245"><subfield code="a">The Centreville observer.</subfield></datafield><datafield ind1=" " ind2=" " tag="260"><subfield code="a">Centreville, Mich. :</subfield><subfield code="b">W.I. Ashley</subfield></datafield><datafield ind1=" " ind2=" " tag="300"><subfield code="a">v.</subfield></datafield><datafield ind1=" " ind2=" " tag="310"><subfield code="a">Weekly</subfield></datafield><datafield ind1="0" ind2=" " tag="362"><subfield code="a">Vol. 1, no. 1 (Oct. 11, 1890)-v. 69, no. 23 (June 8, 1961).</subfield></datafield><datafield ind1=" " ind2=" " tag="515"><subfield code="a">Issues also called: Vol. 2, no. 1 (Oct. 10, 1891) = whole no. 53-&lt;&gt;.</subfield></datafield><datafield ind1=" " ind2=" " tag="580"><subfield code="a">Merged with: Burr Oak enterprise, to form: St. Joseph County Observer.</subfield></datafield><datafield ind1=" " ind2="0" tag="651"><subfield code="a">Centreville (Mich.)</subfield><subfield code="v">Newspapers.</subfield></datafield><datafield ind1=" " ind2="0" tag="651"><subfield code="a">Saint Joseph County (Mich.)</subfield><subfield code="v">Newspapers.</subfield></datafield><datafield ind1=" " ind2="7" tag="655"><subfield code="a">Newspapers.</subfield><subfield code="2">fast</subfield><subfield code="0">(OCoLC)fst01423814</subfield></datafield><datafield ind1=" " ind2="7" tag="651"><subfield code="a">Michigan</subfield><subfield code="z">Centreville.</subfield><subfield code="2">fast</subfield><subfield code="0">(OCoLC)fst01203627</subfield></datafield><datafield ind1=" " ind2="7" tag="651"><subfield code="a">Michigan</subfield><subfield code="z">Saint Joseph County.</subfield><subfield code="2">fast</subfield><subfield code="0">(OCoLC)fst01210520</subfield></datafield><datafield ind1=" " ind2=" " tag="752"><subfield code="a">United States</subfield><subfield code="b">Michigan</subfield><subfield code="c">Saint Joseph</subfield><subfield code="d">Centreville.</subfield></datafield><datafield ind1="1" ind2="7" tag="785"><subfield code="t">Burr Oak enterprise</subfield></datafield><datafield ind1="1" ind2="7" tag="785"><subfield code="t">St. Joseph County observer</subfield><subfield code="w">(DLC)sn 96076738</subfield><subfield code="w">(OCoLC)34980366</subfield></datafield></record>